@online{GeofabrikSpa,
	title	=	"Data of Spain",
	editor	=	"OpenStreetMap and GeoFabrik",
	url		= 	"http://download.geofabrik.de/europe/spain.html",
	shorthand	=	{SpaDa},
}

@online{GranadaPoly,
	title		=	"GeoJSON equivalente al polígono del área municipal de la ciudad de Granada",
	url			=	"https://gist.github.com/Alxe/eca7f2b8c878959d9558e3972069ceba",
	shorthand	=	{GrPoly},
}

@online{pgRouting,
	title		=	"pgRouting",
	url			=	"https://pgrouting.org/",
	shorthand	=	{PgRout}
}

@online{gpkgRouting,
	title		=	"gpkgRouting",
	author		=	"Núñez Pérez, Alejandro",
	url			=	"https://www.github.com/Alxe/gpkgrouting",
	shorthand	=	{GpkgR}
}

@online{gisNetAnaly,
	title		=	"Network Analysis",
	editor		=	"The GIS Encyclopedia",
	url			=	"http://wiki.gis.com/wiki/index.php/Network_Analysis",
	shorthand	=	{NetwAn}
}

@online{gfeTopo,
	name		=	"GIS for Educators: Topology",
	editor		=	"GIS for Educators",
	url			=	"http://linfiniti.com/dla/worksheets/6_Topology.pdf",
	shorthand	=	{GforE}
}